<record><leader>00000cas a22000007a 4500</leader><controlfield tag="001">11392208</controlfield><controlfield tag="008">841116d18881919wiuwr ne      0    0ger d</controlfield><datafield ind1=" " ind2=" " tag="010"><subfield code="a">sn 84024912 </subfield></datafield><datafield ind1=" " ind2=" " tag="040"><subfield code="a">NPV</subfield><subfield code="b">eng</subfield><subfield code="c">NPV</subfield><subfield code="d">OCLCQ</subfield></datafield><datafield ind1=" " ind2=" " tag="042"><subfield code="a">msc</subfield></datafield><datafield ind1=" " ind2=" " tag="043"><subfield code="a">n-us-wi</subfield></datafield><datafield ind1=" " ind2=" " tag="045"><subfield code="a">w8x1</subfield></datafield><datafield ind1=" " ind2=" " tag="052"><subfield code="a">4123</subfield><subfield code="b">L4</subfield></datafield><datafield ind1="0" ind2="0" tag="245"><subfield code="a">Antigo Herold.</subfield></datafield><datafield ind1=" " ind2=" " tag="260"><subfield code="a">Antigo, Wis. :</subfield><subfield code="b">E. Goebel</subfield></datafield><datafield ind1=" " ind2=" " tag="300"><subfield code="a">v. :</subfield><subfield code="b">ill. (chiefly adv.)</subfield></datafield><datafield ind1=" " ind2=" " tag="310"><subfield code="a">Weekly</subfield></datafield><datafield ind1="1" ind2=" " tag="362"><subfield code="a">Began with Oct. 18, 1888 issue; ceased with Nov. 28, 1919 issue.</subfield><subfield code="z">Cf. Arndt &amp; Olson. The German language press in the Americas.</subfield></datafield><datafield ind1=" " ind2=" " tag="530"><subfield code="a">Available on microfilm from the State Historical Society of Wisconsin.</subfield></datafield><datafield ind1=" " ind2=" " tag="546"><subfield code="a">In German.</subfield></datafield><datafield ind1=" " ind2=" " tag="588"><subfield code="a">Description based on: Jahrg. 13, no. 46 (13. Sept. 1901).</subfield></datafield><datafield ind1=" " ind2=" " tag="752"><subfield code="a">United States</subfield><subfield code="b">Wisconsin</subfield><subfield code="c">Langlade</subfield><subfield code="d">Antigo.</subfield></datafield><datafield ind1="0" ind2="0" tag="780"><subfield code="t">Antigo herald</subfield><subfield code="w">(DLC)sn 84024913</subfield></datafield></record>